@misc{Higginson,
	author = "William J. Higginson",
	title = "Guidelines for Writing Haiku in English",
	howpublished = "\url{http://www.ucis.pitt.edu/ncta/pdfiles/2013CourseMaterials/GuidelinesforWritingHaikuinEnglish.pdf}"}